

@misc{HAL,
	author    		= "Peter Høgh Mikkelsen",
	title     		= "Hardware Abstraktioner ({HAL})",
	howpublished	= "\\ Universitetskursus",
	year     		= "2016",
	%note    	 	= "",
}

@misc{url:Asemodel,
	author = "Århus Ingeniørhøjskole",
	title = "Asemodel",
	howpublished = "\\ \url{https://bb.au.dk/bbcswebdav/pid-447092-dt-content-rid-854895\_1/courses/BB-Cou-STADS-UUVA-52310/BB-Cou-STADS-UUVA-52310\_ImportedContent\_20160107123600/Introduktion\%20til\%202.\%20semesterprojekter.pdf}",
	%note = "",
}

@misc{ISU,
	author    		= "Søren Hansen",
	title     		= "Indlejret Software Udvikling ({ISU})",
	howpublished	= "\\ Universitetskursus",
	year     		= "2016",
	%note    	 	= "",
}

@manual{man:devkit,
	title			= "DevKit8000 User Manual",
	organization	= "Timll Technic Inc",
	edition			= "1.0",
	year			= "2009",
	month			= "Juni",
}

@misc{url:spi,
	author = "SparkFun",
	title = "Serial Peripheral Interface ({SPI})",
	howpublished = "\\ \url{https://learn.sparkfun.com/tutorials/serial-peripheral-interface-spi}",
	%note = "",
}
@manual{man:I2C,
	title			= "I2C-bus specification and User Manual ({I2C})",
	organization	= "NXP Semiconductors",
	year			= "2007",
	month			= "Juni",
}

@misc{NERF,
	title = {{Informationer om NERF N-Strike Elite fra Fætter BR's hjemmeside.}},
	howpublished = {\\ \url{https://www.br.dk/vores-kategorier/udendoers-legetoej/pistoler-med-skumkugler/nerf-n-strike-elite-refill-12-pak?id=000000000116168001}},
	note = {\\Online: accessed 20 May 2017} ,
}

@misc{mjpg-streamer,
	title = {{Repository for mjpg-streamer som bliver brugt til at oprette en video-server}},
	howpublished = {\\ \url{https://github.com/jacksonliam/mjpg-streamer}},
	note = {\\Online: accessed 20 May 2017} ,
}

@misc{Gstreamer,
	title = {{Repository for Gstreamer som bliver brugt til at sætte de klonede video devices's input til /dev/video0's output}},
	howpublished = {\\ \url{https://github.com/GStreamer/gstreamer}},
	note = {\\Online: accessed 20 May 2017} ,
}

@misc{v4l2loopback,
	title = {{Repository for v4l2loopback som bliver brugt til at oprette 4 nye video devices}},
	howpublished = {\\ \url{https://github.com/umlaeute/v4l2loopback}},
	note = {\\Online: accessed 20 May 2017} ,
}


@misc{url:EMCundervisning,
	author = "Århus Ingeniørhøjskole - Arne Justesen",
	title = "EMC udnervisning",
	howpublished = "\\ \url{https://bb.au.dk/webapps/blackboard/content/listContent.jsp?course_id=_62142_1&content_id=_687611_1}",
	%note = "",
}

@misc{Magnetventil,
	title = {{Informationer om Bürkert 042536Q, 24V DC 8W 0-10Bar magnetventil af typen 0312 C 2.0 NBR MS fra Bürkert’s hjemmeside. NB ingen datasheet tilgængelige, kun brugsanvisnig}},
	howpublished = {\\
	\url{http://www.burkert.dk/da/type/0312}},
	note = {\\Online: accessed 20 May 2017} ,
}

@manual{STEPMOTOR,
	title = {RS 191-8299.pdf},
	note ={\\ Datasheet for stepper motoren fra RS Pro (Kan findes i Bilag)}	
}

@misc{ASE-model,
	title = {{Reference til ASE-modellen. Findes på side 6.}},
	howpublished = {\\
	\url{https://bb.au.dk/bbcswebdav/pid-447090-dt-content-rid-854891_1/courses/BB-Cou-STADS-UUVA-52310/BB-Cou-STADS-UUVA-52310_ImportedContent_20160107123600/Vejledning%20for%20gennemf%C3%B8relse%20af%20projekt%202.pdf}},
	note = {\\Online: accessed 26 May 2017} ,
}

@misc{magnetspole_billede,
	title = {{Visualisering af stepper motorens position ud fra strøm og strømretning i magnetspoler}},
	howpublished = {\\
	\url{https://i0.wp.com/www.alfadex.com/wp-content/uploads/2014/11/Untitled4.jpg}},
	note = {\\Online: accessed 26 May 2017} ,
}

@misc{I2C,
	title = {{Dokumentation af I2C Sparkfun}},
	howpublished = {Sparkfun}\\
	\url{https://learn.sparkfun.com/tutorials/i2c}},
	note = {\\Online: accessed 26 May 2017} ,
}

https://i0.wp.com/www.alfadex.com/wp-content/uploads/2014/11/Untitled4.jpg